<?xml version="1.0" encoding="UTF-8"?><collection xmlns="http://www.loc.gov/MARC21/slim"><record><leader>00400nam--2200169-u-4500</leader><controlfield tag="001">000051824</controlfield><controlfield tag="002">20161230</controlfield><controlfield tag="005">20161230201049</controlfield><controlfield tag="008">081030s1000------------r-----000-0-eng-d</controlfield><datafield ind1=" " ind2=" " tag="040"><subfield code="a">IFIN-HH</subfield></datafield><datafield ind1=" " ind2=" " tag="080"><subfield code="a">519.83</subfield></datafield><datafield ind1="1" ind2=" " tag="100"><subfield code="a">Petrosyan,L.A</subfield></datafield><datafield ind1="1" ind2="0" tag="245"><subfield code="a">Differentsialnye Igry Presledovaniya</subfield></datafield><datafield ind1=" " ind2=" " tag="260"><subfield code="a">Leningrad</subfield><subfield code="c">1977</subfield></datafield><datafield ind1=" " ind2=" " tag="300"><subfield code="a">221 p</subfield></datafield><datafield ind1=" " ind2=" " tag="852"><subfield code="a">45766</subfield><subfield code="c">517.9</subfield></datafield><datafield ind1=" " ind2=" " tag="CAT"><subfield code="a">Sys</subfield><subfield code="c">20081030</subfield><subfield code="h">081843</subfield></datafield></record></collection>